@article{popek,
	author = "G. J. Popek and R. P. Goldberg",
	title = "Formal requirements for virtualizable third generation architectures",
	journal = "Communications of ACM",
	year = 1974 	
}

@misc{rupopek,
	author = "@Atakua",
	title = "Аппаратная виртуализация. Теория, реальность и поддержка в архитектурах процессоров",
	howpublished = "\url{https://habrahabr.ru/company/intel/blog/196444/}",
	year = 2013
}

@misc{chourdakis,
	author = "Чурдакис М.",
	title = "The Infamous Trilogy: CPU internals, Virtualization, Raw multicore  programming",
	howpublished = "\url{https://www.codeproject.com/articles/45788/the-real-protected-long-mode-assembly-tutorial-for}",
	year = 2015
}

@misc{osdev,
	title = "OSDev Wiki",
	howpublished = "\url{http://wiki.osdev.org/Main_Page}"
}

@manual{intel,
	title = "Intel® 64 and IA-32 Architectures Software Developer Manual",
	organization = "Intel",
	year = 2017
}

@manual{amd,
	title = "AMD64 Architecture Programmer's Manual, Volume 2: System Programming",
	organization = "AMD",
	year = 2017
}

@misc{sadko,
	author = "Садовников В.",
	title = "Начала программирования в защищённом режиме",
	howpublished = "\url{http://e-zine.excode.ru/online/1/Introduction.html}",
	year = 2006
}

@manual{make,
	title = "GNU Make Manual",
	organization = "GNU Project and Free Software Foundation",
}

@manual{gcc,
	title = "GCC Manual",
	organization = "GNU Project and Free Software Foundation",
}

@manual{ld,
	title = "GNU Linker Manual",
	organization = "GNU Project and Free Software Foundation",
}

@manual{fasm,
	title = "flat assembler 1.71",
	author = "Tomasz Grysztar"
}

@manual{acpi,
	title = "Advanced Configuration and Power Interface Specification, Revision 5.0a",
	author = "HP, Intel, Microsoft, Phoenix, Toshiba"
}


@manual{elf,
	title = "Executable and Linkable Format (ELF)",
	author = "Portable Formats Specification, Version 1.1"
}